@Misc{hid-sp18-501-infoq,
	author          = {Chris Richardson},
        title           = {Microservices: Decomposing Applications for
                  Deployability and Scalability},
	howpublished    = {Web Page},
	year            = 2014,
	url             =
	{https://www.infoq.com/articles/microservices-intro}
}

@Misc{hid-sp18-501-mulesoft,
	author             = {Mulesoft},
        title              = {Microservices vs Monolithic Architecture},
	howpublished       = {Web Page},
	year               = 2018,
	url                =
	{https://www.mulesoft.com/resources/api/microservices-vs-monolithic}
}

@Misc{hid-sp18-501-trello,
	author           = {Roman Klimenko},
        title            = {Pros and Cons of Monolithic vs
                  Microservices Architecture},
	howpublished     = {Web Page},
	year             = 2016,
	url              =
	{https://trello.com/c/YUDwlR03/79-what-are-the-pros-and-cons-of-monolith
                  ic-vs-microservice-architectures}
}

@Misc{hid-sp18-501-microservicesio,
	author                    = {Chris Richardson},
        title                     = {Microservices Architecture},
	howpublished              = {Web Page},
	year                      = 2017,
	url                       =
	{http://microservices.io}
}

@Misc{hid-sp18-501-springer,
	author             = {Arnin Balalaie et al},
        title              = {Migrating to Cloud-Native Architectures
                  Uisng Microservices: An Experience Report},
	howpublished       = {Web Page},
	year               = 2016,
	url                =
	{https://link.springer.com/chapter/10.1007%2F978-3-319-33313-7_15}
}

@Misc{hid-sp18-501-techtarget,
	author               = {Margaret Rouse},
        title                = {Containerization (Container-Based
                  Virtualization)},
	howpublished         = {Web Page},
	year                 = 2014,
	url                  =
	{https://searchservervirtualization.techtarget.com/definition/container-
                  based-virtualization-operating-system-level-virtualization}
}

@Misc{hid-sp18-501-patterns,
	author              = {Chris Richardson},
        title               = {Pattern: Microservices Architecture},
	howpublished        = {Web Page},
	year                = 2017,
	url                 =
	{ http://microservices.io/patterns/microservices.html}
}

@Misc{hid-sp18-501-challenges,
	author               = {Mark Little},
        title                = {Challenges of Microservices Deployments},
	howpublished         = {Web Page},
	year                 = 2016,
	url                  =
	{https://www.infoq.com/news/2016/04/msa-deployment-challenges}
}

@Misc{hid-sp18-501-dotnet,
	author           = {Microsoft Corporation},
        title            = {Orchestrating Microservices and
                  Multi-Container Application for High Scalability and
                  Availability},
	howpublished     = {Web Page},
	year             = 2017,
	url              =
	{https://docs.microsoft.com/en-us/dotnet/standard/microservices-architec
                  ture/architect-microservice-container-applications/scalable-av
                  ailable-multi-container-microservice-applications}
}

@Misc{hid-sp18-501-opensource,
	author               = {Opensource.com},
        title                = {What Are MicroservicesChallenges of
                  Microservices Deployments},
	howpublished         = {Web Page},
	year                 = 2016,
	url                  =
	{https://opensource.com/resources/what-are-microservices}
}

@Misc{hid-sp18-501-onfido,
	author           = {Adrian Chifor},
        title            = {Container Orchestration with Kubernetes:
                  An Overview},
	howpublished     = {Web Page},
	year             = 2017,
	url              =
	{https://medium.com/onfido-tech/container-orchestration-with-kubernetes-
                  an-overview-da1d39ff2f91}
}

@Misc{hid-sp18-501-rackspace,
	author              = {Miguel Grinberg},
        title               = {OpenStack Orchestration In Depth, Part
                  1: Introduction to Heat},
	howpublished        = {Web Page},
	year                = 2014,
	Url                 =
	{https://developer.rackspace.com/blog/openstack-orchestration-in-depth-p
                  art-1-introduction-to-heat/}
}

@Misc{hid-sp18-501-definition,
	author               = {Margaret Rouse},
        title                = {Azure Service Fabric},
	howpublished         = {Web Page},
	year                 = 2018,
	url                  =
	{https://whatis.techtarget.com/definition/Azure-Service-Fabric}
}


@Misc{hid-sp18-501-overview,
	author             = {Microsoft Corporation},
        title              = {Overview of Azure Service Fabric},
	howpublished       = {Web Page},
	year               = 2017,
	url                =
	{
                  https://docs.microsoft.com/en-us/azure/service-fabric/service-
                  fabric-overview}
}


@Misc{hid-sp18-501-fig1,
	author             = {Microsoft Corporation},
        title              = {Microservices Architecture Style},
	howpublished       = {Web Page},
	year               = 2017,
	url                =
	{https://docs.microsoft.com/en-us/azure/architecture/guide/architecture-
                  styles/microservices}
}

@Misc{hid-sp18-501-fig2and3,
	author             = {Microsoft Corporation},
        title              = {Service Fabric Under the Hood: The
                  Cluster Resource Manager},
	howpublished       = {Web Page},
	year               = 2017,
	url                =
	{https://blogs.msdn.microsoft.com/azureservicefabric/2015/12/15/service-
                  fabric-under-the-hood-the-cluster-resource-manager-part-1/}
}


@Misc{hid-sp18-501-researchgate,
        author             = {Ahmed Ali},
        title              = {Service Structure and Microservices Architecture},
	howpublished       = {Web Page},
	year               = 2017,
	url                =
	{https://www.researchgate.net/publication/322631953_
         Services_Structure_Microservices_Architecture}
}


@Misc{hid-sp18-501-description,
        author             = {Microsoft Corporation},
        title              = {Describing A Service Fabric Cluster},
	howpublished       = {Web Page},
	year               = 2017,
	url                =
	{https://docs.msdn.microsoft.com/en-us/azure/service-fabric-cluster-resource-
         manager-cluster-description}
}


@Misc{hid-sp18-501-placement,
        author             = {Microsoft Corporation},
        title              = {Placement Policies for Service Fabric Services},
	howpublished       = {Web Page},
	year               = 2017,
	url                =
	{https://docs.microsoft.com/en-us/azure/service-fabric/service-fabric-cluster
         -resource-manager-advanced-placement-rules-placement-policies}
}


@Misc{hid-sp18-501-defrag,
        author             = {Microsoft Corporation},
        title              = {Configuring Defragmentation Metrics},
	howpublished       = {Web Page},
	year               = 2017,
	url                =
	{https://docs.microsoft.com/en-us/azure/service-fabric/service-fabric-cluster
         -resource-manager-defragmentation-metrics}
}
